@misc{isSolvable,
    howpublished = {\url{http://ldc.usb.ve/~gpalma/ci2693sd08/puzzleFactible.txt}},
    year = {2008},
    school = {Universidad Sim\'{o}n Bol\'{i}var}
    }
@misc{heuristics,
    howpublished = {\url{http://heuristicswiki.wikispaces.com/N+-+Puzzle}}
    }
@misc{APD,
    howpublished = {\url{http://arxiv.org/pdf/1107.0050}},
    author = {Ariel Felner en Richard E. Korf en Sarit Hanan},
    year = {2004},
    title = {Additive Pattern Database Heuristics},
    journal = {Journal of Arti cial Intelligence Research 22 (2004) 279-318}
    }