@misc{javasql,
    howpublished = {\url{http://docs.oracle.com/javase/6/docs/api/java/sql/package-summary.html}}
    }